% This file was created with JabRef 2.9.2.
% Encoding: Cp1252
@inproceedings{icassp2017,
title={Non-negative matrix factorization of signals with overlapping events for event detection applications},
author = {Shiqiang Wang and {\bf Jorge Ortiz}},
booktitle={The 42nd IEEE International Conference on Acoustics, Speech and Signal Processing ICASSP 2017},
journal={ICASSP 2017},
year={2017}
}

@inproceedings{icml_mkmeans,
 author = {{\bf Jorge Ortiz} and
               Chien{-}Chin Huang and
               Supriyo Chakraborty},
 title = {Fast Image Clustering on Network of Mobile Phones},
 booktitle = {Proceedings of the 1st Workshop for On Device Intelligence at ICML (\emph{to appear})},
 series = {ICML '16},
 year = {2016},
 location = {New York, NY},
}

@article{DBLP:journals/corr/OrtizHC15,
  author    = {{\bf Jorge Ortiz} and
               Chien{-}Chin Huang and
               Supriyo Chakraborty},
  title     = {Get More With Less: Near Real-Time Image Clustering on Mobile Phones},
  journal   = {CoRR},
  volume    = {abs/1512.02972},
  year      = {2015}
}

@inproceedings{iotpda_mos,
 author = {Maanit Mehra and Aditya Bagri and {\bf Jorge Ortiz} and Xiaofan Jiang},
 title = {Image Analysis for Identifying Mosquito Breeding Grounds},
 booktitle = {Proceedings of the 1st Workshop for the Internet of Things Physical Data Analytics at SECON (\emph{to appear})},
 series = {IoTPDA '16},
 year = {2016},
 location = {London, UK},
}

@inproceedings{Dezhi_buildsys2015,
 author = {Hong, Dezhi and Wang, Hongning and {\bf Ortiz, Jorge} and Whitehouse, Kamin},
 title = {The Building Adapter: Towards Quickly Applying Building Analytics at Scale ({\bf Best Paper Honorbale Mention, 2nd Highest Review Score})},
 booktitle = {Proceedings of the 2nd ACM International Conference on Embedded Systems for Energy-Efficient Built Environments},
 series = {BuildSys '15},
 year = {2015},
 isbn = {978-1-4503-3981-0},
 location = {Seoul, South Korea},
 pages = {123--132},
 numpages = {10},
 url = {http://doi.acm.org/10.1145/2821650.2821657},
 doi = {10.1145/2821650.2821657},
 acmid = {2821657},
 publisher = {ACM},
 address = {New York, NY, USA},
 keywords = {building, sensor type, transfer learning},
} 


@inproceedings{Arka_buildsys2015,
 author = {Bhattacharya, Arka A. and Hong, Dezhi and Culler, David and {\bf Ortiz, Jorge} and Whitehouse, Kamin and Wu, Eugene},
 title = {Automated Metadata Construction to Support Portable Building Applications ({\bf Best Paper Honorbale Mention, 1st Highest Review Score})},
 booktitle = {Proceedings of the 2nd ACM International Conference on Embedded Systems for Energy-Efficient Built Environments},
 series = {BuildSys '15},
 year = {2015},
 isbn = {978-1-4503-3981-0},
 location = {Seoul, South Korea},
 pages = {3--12},
 numpages = {10},
 url = {http://doi.acm.org/10.1145/2821650.2821667},
 doi = {10.1145/2821650.2821667},
 acmid = {2821667},
 publisher = {ACM},
 address = {New York, NY, USA},
 keywords = {building management systems, metadata normalization, portable building applications, sensor metadata},
} 

@inproceedings {spartan,
author = {Chien-Chin Huang and Qi Chen and Zhaoguo Wang and Russell Power and \textbf{Jorge Ortiz} and Jinyang Li and Zhen Xiao},
title = {Spartan: A Distributed Array Framework with Smart Tiling},
booktitle = {2015 USENIX Annual Technical Conference (USENIX ATC 15)},
year = {2015},
month = Jul,
isbn = {978-1-931971-225},
address = {Santa Clara, CA},
pages = {1--15},
publisher = {USENIX Association},
}

@inproceedings{Fontugne:2013:SBS:2461381.2461399,
 author = {Fontugne, Romain and \textbf{Ortiz, Jorge} and Tremblay, Nicolas and Borgnat, Pierre and Flandrin, Patrick and Fukuda, Kensuke and Culler, David and Esaki, Hiroshi},
 title = {Strip, Bind, and Search: A Method for Identifying Abnormal Energy Consumption in Buildings},
 booktitle = {Proceedings of the 12th International Conference on Information Processing in Sensor Networks},
 series = {IPSN '13},
 year = {2013},
 isbn = {978-1-4503-1959-1},
 location = {Philadelphia, Pennsylvania, USA},
 pages = {129--140},
 numpages = {12},
 doi = {10.1145/2461381.2461399},
 acmid = {2461399},
 publisher = {ACM},
 address = {New York, NY, USA},
 keywords = {anomaly detection, building, energy consumption},
} 

@inproceedings{Hong:2013:TAS:2528282.2528302,
 author = {Hong, Dezhi and \textbf{Ortiz, Jorge} and Whitehouse, Kamin and Culler, David},
 title = {Towards Automatic Spatial Verification of Sensor Placement in Buildings},
 booktitle = {Proceedings of the 5th ACM Workshop on Embedded Systems For Energy-Efficient Buildings},
 series = {BuildSys'13},
 year = {2013},
 isbn = {978-1-4503-2431-1},
 location = {Roma, Italy},
 pages = {13:1--13:8},
 articleno = {13},
 numpages = {8},
 acmid = {2528302},
 publisher = {ACM},
 address = {New York, NY, USA},
 keywords = {Clustering, Correlation Coefficient, Empirical Mode Decomposition, Sensor Placement},
} 

@inproceedings{Ortiz:2012:TRF:2422531.2422540,
 author = {\textbf{Ortiz, Jorge} and Noh, Yongwoo and Saldanha, Gavin and Su, David and Culler, David},
 title = {Towards Real-time, Fine-grained Energy Analytics in Buildings Through Mobile Phones},
 booktitle = {Proceedings of the Fourth ACM Workshop on Embedded Sensing Systems for Energy-Efficiency in Buildings},
 series = {BuildSys '12},
 year = {2012},
 isbn = {978-1-4503-1170-0},
 location = {Toronto, Ontario, Canada},
 pages = {42--44},
 numpages = {3},
 doi = {10.1145/2422531.2422540},
 acmid = {2422540},
 publisher = {ACM},
 address = {New York, NY, USA},
 keywords = {disconnected operations, distributed consistency, energy, mobile application, network access, plug loads, power},
} 


@inproceedings{Hsu:2010:HHI:1878431.1878444,
 author = {Hsu, Jeff and Mohan, Prashanth and Jiang, Xiaofan and \textbf{Ortiz, Jorge} and Shankar, Sushant and Dawson-Haggerty, Stephen and Culler, David},
 title = {HBCI: Human-building-computer Interaction},
 booktitle = {Proceedings of the 2Nd ACM Workshop on Embedded Sensing Systems for Energy-Efficiency in Building},
 series = {BuildSys '10},
 year = {2010},
 isbn = {978-1-4503-0458-0},
 location = {Zurich, Switzerland},
 pages = {55--60},
 numpages = {6},
 doi = {10.1145/1878431.1878444},
 acmid = {1878444},
 publisher = {ACM},
 address = {New York, NY, USA},
 keywords = {building monitoring, energy, sensor networks},
}

@inproceedings{Dawson-Haggerty:2010:EGB:1978642.1978648,
 author = {Dawson-Haggerty, Stephen and \textbf{Ortiz, Jorge} and Jiang, Xiaofan and Hsu, Jeff and Shankar, Sushant and Culler, David},
 title = {Enabling Green Building Applications},
 booktitle = {Proceedings of the 6th Workshop on Hot Topics in Embedded Networked Sensors},
 series = {HotEmNets '10},
 year = {2010},
 isbn = {978-1-4503-0265-4},
 location = {Killarney, Ireland},
 pages = {4:1--4:5},
 articleno = {4},
 numpages = {5},
 doi = {10.1145/1978642.1978648},
 acmid = {1978648},
 publisher = {ACM},
 address = {New York, NY, USA},
 keywords = {building monitoring, energy, sensor networks},
} 

@inproceedings{Ortiz:2010:MRA:1791212.1791233,
 author = {\textbf{Ortiz, Jorge} and Culler, David},
 title = {Multichannel Reliability Assessment in Real World WSNs},
 booktitle = {Proceedings of the 9th ACM/IEEE International Conference on Information Processing in Sensor Networks},
 series = {IPSN '10},
 year = {2010},
 isbn = {978-1-60558-988-6},
 location = {Stockholm, Sweden},
 pages = {162--173},
 numpages = {12},
 doi = {10.1145/1791212.1791233},
 acmid = {1791233},
 publisher = {ACM},
 address = {New York, NY, USA},
 keywords = {link, multichannel, routing, sensor network, wireless},
} 

@MISC{Dawson-Haggerty08theeffect,
    author = {Stephen Dawson-Haggerty and \textbf{Jorge Ortiz} and Xiaofan Fred Jiang and David E. Culler},
    title = { The Effect of Link Churn on Wireless Routing},
    year = {2008}
}

@INPROCEEDINGS{4379676, 
author={\textbf{Ortiz, J.} and Baker, C.R. and Daekyeong Moon and Fonseca, R. and Stoica, I.}, 
booktitle={Information Processing in Sensor Networks, 2007. IPSN 2007. 6th International Symposium on}, 
title={Beacon Location Service: A Location Service for Point-to-Point Routing in Wireless Sensor Networks}, 
year={2007}, 
month={April}, 
pages={166-175}, 
keywords={telecommunication network routing;wireless sensor networks;beacon based routing algorithms;beacon location service;scalable point to point routing;sensornets;Computer science;Intrusion detection;Moon;Robustness;Routing protocols;Scalability;Testing;Wireless communication;Wireless sensor networks;ZigBee;Design;Performance;location service;point-to-point;sensornets}, 
doi={10.1109/IPSN.2007.4379676},}


@article{Jiang:2007:AEM:1317103.1317109,
 author = {Jiang, Xiaofan and Taneja, Jay and \textbf{Ortiz, Jorge} and Tavakoli, Arsalan and Dutta, Prabal and Jeong, Jaein and Culler, David and Levis, Philip and Shenker, Scott},
 title = {An Architecture for Energy Management in Wireless Sensor Networks},
 journal = {SIGBED Rev.},
 issue_date = {July 2007},
 volume = {4},
 number = {3},
 month = jul,
 year = {2007},
 issn = {1551-3688},
 pages = {31--36},
 numpages = {6},
 doi = {10.1145/1317103.1317109},
 acmid = {1317109},
 publisher = {ACM},
 address = {New York, NY, USA},
} 

